@book{SILVA2020,
author={Jos\'e Silva},
title={Estat\'istica B\'asica},
address={Jo\~ao Pessoa},
publisher={LTC},
year={2020}}

@manual{NBR10520:1988,
organization={Associa{\c c}\~ao Brasileira de Normas T\'ecnicas},
org-short={ABNT},
title={{NBR} 10520},
subtitle={Apresenta{\c c}\~ao de cita{\c c}\~oes em documentos --- Procedimentos},
address={Rio de Janeiro},
year={1988}}

@book{kfk,
	author={Franz Kafka},
	title={A Metamorfose},
	address={Leipzig},
	publisher={Kurt Wolff Verlag},
	year={1915}}