@article{BricenoLeon,
author={R. {Brice\~no-Le\'on}},
journal={Sociologias},
title={La nueva violencia urbana de América Latina},
subtitle={},
address={Porto Alegre},
volume={},
number={8},
pages={34--51},
month={jul-dez},
year={2002}}

@article{Minayo,
author={Maria Cecília de S. Minayo},
journal={Cad. Saúde Públ.},
title={A Violência Social sob a Perspectiva da Saúde Pública},
subtitle={},
address={Rio de Janeiro},
volume={10},
number={1},
pages={07--18},
year={1994}}

@article{Gawryszewski,
author={Vilma Pinheiro Gawryszewski and Maria Sumie Koizumi and Maria Helena Prado de Mello-Jorge},
journal={Cad. Saúde Públ.},
title={As causas externas no Brasil no ano 2000},
subtitle={comparando a mortalidade e a morbidade},
address={Rio de Janeiro},
volume={20},
number={4},
pages={995--1003},
month={jul-ago},
year={2004}}

@article{Lima,
author={Maria Luiza C de Lima and Edinilsa Ramos de Souza and Ricardo Ximenesa and Maria de Fátima P. M. de Albuquerque and Jan Bitoun and Maria Dilma de A. Barros},
journal={Rev. Saúde Públ.},
title={Evolução de homicídios por área geográfica em Pernambuco entre 1980 e 1998},
subtitle={},
address={},
volume={36},
number={4},
pages={462--469},
year={2002}}

@article{Xiemenes,
author={Maria Luiza C. de Lima and Ricardo Ximenes},
journal={Cad. Saúde Pública},
title={Violência e morte},
subtitle={diferenciais da mortalidade por causas externas no espaço urbano do Recife, 1991},
address={Rio de Janeiro},
volume={14},
number={4},
pages={829--840},
month={out-dez},
year={1998}}

@article{Reichenheim,
	author={Michael Eduardo Reichenheim and Guilherme L. Werneck},
	journal={Cad. Saúde Públ.},
	title={Anos Potenciais de Vida Perdidos no Rio de Janeiro, 1990. As Mortes Violentas em Questão},
	subtitle={},
	address={Rio de Janeiro},
	volume={10},
	number={1},
	pages={188--198},
	year={1994}}




