@book{SILVA2020,
	author={Jos\'e Silva},
	title={Estat\'istica B\'asica},
	address={Jo\~ao Pessoa},
	publisher={LTC},
	year={2020}}

@monography{telmo,
	author={Telmo Cristiano Gomes da Silva},
	title={Fatores explicativos da mortalidade por tuberculose em adultos no Nordeste},
	pages={67},
	pagename={f.},
	school={Universidade Federal da Paraíba},
	type={Graduação em Estatística},
	address={João Pessoa},
	year={2011}}}

@monography{natalia,
	author={Natália Rodrigues Guedes Gondim},
	title={A Distribuição normal assimétrica (skew normal) e suas aplicações},
	pages={39},
	pagename={f.},
	school={Universidade Federal da Paraíba},
	type={Graduação em Estatística},
	address={João Pessoa},
	year={2011}}

@monography{camila,
	author={Camila Ravena de Oliveira},
	title={Análise da Evasão Escolar na Universidade Federal da Paraíba},
	pages={58},
	pagename={f.},
	school={Universidade Federal da Paraíba},
	type={Graduação em Estatística},
	address={João Pessoa},
	year={2015}}
}
