@book{SILVA2020,
author={Jos\'e Silva},
title={Estat\'istica B\'asica},
address={Jo\~ao Pessoa},
publisher={LTC},
year={2020}}

@manual{NBR10520:1988,
organization={Associa{\c c}\~ao Brasileira de Normas T\'ecnicas},
org-short={ABNT},
title={{NBR} 10520},
subtitle={Apresenta{\c{c}}\~ao de cita{\c{c}}\~oes em documentos --- Procedimentos},
address={Rio de Janeiro},
year={1988}}

@book{REE,
org-short={REE},
organization={Revista de Economia e Estat\'istica},
address={Rio de Janeiro},
publisher={Ministério da Agricultura},
year={1936-1939}}

@book{RBEtodo,
org-short={RBE},
organization={Revista Brasileira de Estat\'istica},
address={Rio de Janeiro},
publisher={IBGE},
year={1940-}}

@book{RBEn236,
org-short={RBE},
organization={Revista Brasileira de Estat\'istica},
address={Rio de Janeiro},
publisher={IBGE},
volume={73},
number={236},
year={2012}}

@book{istoe,
org-short={ISTO\'E},
organization={ISTO\'E},
address={S\~ao Paulo},
publisher={Ed. Três},
number={2668},
month={5 mar.},
year={2021}}

@article{Singer2012,
author={J. M. Singer and C. D. S. And\'e and C. A. Peres},
title={Confiabilidade e Precisão na Estimação de Médias},
journal={Revista Brasileira de Estat\'istica},
volume={73},
number={236},
pages={7--19},
year={2012}}

@article{LinuxMagazine,
author={J. Casad and T.Schurmann and H. Zisler},
title={Shell Shopping},
journal={Linux Magazine},
number={245},
url={https://www.google.com},
urlaccessdate={11 mai. 2021},
year={2021}}

@inproceedings{
ResumoSinape,
author = {I. C. A. Souza and R. M. Moraes},
title={Caracter\’isticas espaciais da distribui\c{c}\~ao da pluviometria e do n\’umero de casos do dengue nos munic\’ipios paraibanos no per\’iodo de 1998 a 2002},
organization={16ª Simp\’osio Nacional de Probabilidade e Estat\’istica},
Booktitle = {Resumo dos Trabalhos Apresentados},
address={Caxambu},
year={2004}
}




